%% This BibTeX bibliography file was created using BibDesk.
%% http://bibdesk.sourceforge.net/

%% Created for jakejing at 2020-12-14 11:00:03 +0100


%% Saved with string encoding Unicode (UTF-8)

@article{Kemmerer2012,
	Author = {Kemmerer, David},
	Date-Added = {2020-12-14 10:59:57 +0100},
	Date-Modified = {2020-12-14 11:00:03 +0100},
	Journal = {Language and Linguistics Compass},
	Pages = {50-66},
	Title = {The cross-linguistic prevalence of SOV and SVO word orders reflects the sequential and hierarchical representation of action in {Broca's area}},
	Volume = {6},
	Year = {2012}}

